@article{Hyndman2002,
author = {Hyndman, Rob J and Koehler, Anne B and Snyder, Ralph D and Grose, Simone},
journal = {International Journal of Forecasting},
pages = {439--454},
title = {A state space framework for automatic forecasting using exponential smoothing methods},
volume = {18},
number = {3},
year = {2002}
}

@Article{Hyndman2008,
    title = {Automatic time series forecasting: the forecast package
      for {R}},
    author = {Hyndman, Rob J  and Khandakar, Yeasmin },
    journal = {Journal of Statistical Software},
    volume = {26},
    number = {3},
    pages = {1--22},
    year = {2008},
    url = {http://www.jstatsoft.org/article/view/v027i03},
  }
@article{fulcher2014highly,
  title={Highly comparative feature-based time-series classification},
  author={Fulcher, Ben D and Nick S Jones},
  journal={IEEE Transactions on Knowledge and Data Engineering},
  volume={26},
  number={12},
  pages={3026--3037},
  year={2014},
  publisher={IEEE}
}
@incollection{reid1972comparison,
  title={A comparison of forecasting techniques on economic time series},
  author={Reid, D J},
  editors = {Bramson, M J and I. G. Helps and Watson-Gandy, J A C C},
  booktitle={Forecasting in Action},
  publisher = {Operational Research Society},
  address={Birmingham, UK},
  year={1972}
}
@article{makridakis2000m3,
  title={The M3-Competition: results, conclusions and implications},
  author={Makridakis, Spyros and Hibon, Michele},
  journal={International Journal of Forecasting},
  volume={16},
  number={4},
  pages={451--476},
  year={2000}
}
@article{hyndman2001s,
  title={It’s time to move from what to why},
  author={Hyndman, Rob J},
  journal={International Journal of Forecasting},
  volume={17},
  number={1},
  pages={567--570},
  year={2001}
}
@article{lawrence2001s,
  title={Why another study?},
  author={Lawrence, M},
  journal={International Journal of Forecasting},
  volume={17},
  number={1},
  pages={574--575},
  year={2001}
}
@article{armstrong2001s,
  title={Should we redesign forecasting competitions?},
  author={Armstrong, J S},
  journal={International Journal of Forecasting},
  volume={17},
  number={1},
  pages={542--543},
  year={2001}
}
@article{collopy1992rule,
  title={Rule-based forecasting: development and validation of an expert systems approach to combining time series extrapolations},
  author={Collopy, Fred and Armstrong, J Scott },
  journal={Management Science},
  volume={38},
  number={10},
  pages={1394--1414},
  year={1992},
}
@article{adya2001automatic,
  title={Automatic identification of time series features for rule-based forecasting},
  author={Adya, Monica and Collopy, Fred and Armstrong, J Scott and Kennedy, Miles},
  journal={International Journal of Forecasting},
  volume={17},
  number={2},
  pages={143--157},
  year={2001},
}
@article{wang2009rule,
  title={Rule induction for forecasting method selection: meta-learning the characteristics of univariate time series},
  author={Wang, Xiaozhe and Smith-Miles, Kate and Hyndman, Rob J},
  journal={Neurocomputing},
  volume={72},
  number={10},
  pages={2581--2594},
  year={2009},
}
@article{kang2017visualising,
  title={Visualising forecasting algorithm performance using time series instance spaces},
  author={Kang, Yanfei and Hyndman, Rob J and Smith-Miles, Kate},
  journal={International Journal of Forecasting},
  volume={33},
  number={2},
  pages={345--358},
  year={2017},
}
@article{smith2009cross,
  title={Cross-disciplinary perspectives on meta-learning for algorithm selection},
  author={Smith-Miles, Kate},
  journal={ACM Computing Surveys (CSUR)},
  volume={41},
  number={1},
  pages={6},
  year={2009}
}
@article{wang2009rule,
  title={Rule induction for forecasting method selection: meta-learning the characteristics of univariate time series},
  author={Wang, Xiaozhe and Smith-Miles, Kate and Hyndman, Rob J},
  journal={Neurocomputing},
  volume={72},
  number={10},
  pages={2581--2594},
  year={2009},
  publisher={Elsevier}
}
@article{shah1997model,
  title={Model selection in univariate time series forecasting using discriminant analysis},
  author={Shah, Chandra},
  journal={International Journal of Forecasting},
  volume={13},
  number={4},
  pages={489--500},
  year={1997},
  publisher={Elsevier}
}
@article{makridakis1982accuracy,
  title={The accuracy of extrapolation (time series) methods: results of a forecasting competition},
  author={Makridakis, Spyros and Andersen, A and Carbone, Robert and Fildes, Robert and Hibon, Michele and Lewandowski, Rudolf and Newton, Joseph and Parzen, Emanuel and Winkler, Robert},
  journal={Journal of forecasting},
  volume={1},
  number={2},
  pages={111--153},
  year={1982},
  publisher={Wiley Online Library}
}

@unpublished{widodomodel,
  title={Model selection using dimensionality reduction of time series characteristics},
  author={Widodo, Agus and Budi, Indra},
  year = 2013,
  note = {Paper presented at the International Symposium on Forecasting, Seoul, South Korea. June 2013},
  url = {https://goo.gl/ig2J57}
}
@article{lemke2010meta,
  title={Meta-learning for time series forecasting and forecast combination},
  author={Lemke, Christiane and Gabrys, Bogdan},
  journal={Neurocomputing},
  volume={73},
  number={10},
  pages={2006--2016},
  year={2010},
  publisher={Elsevier}
}
@article{prudencio2004meta,
  title={Meta-learning approaches to selecting time series models},
  author={Prud{\^e}ncio, Ricardo BC and Ludermir, Teresa B},
  journal={Neurocomputing},
  volume={61},
  pages={121--137},
  year={2004},
  publisher={Elsevier}
}
@article{hyndman2002time,
  title={Time Series Data Library},
  author={Hyndman, Rob J},
  journal={available from http://www-personal.buseco.monash.edy.au/~hyndman/TSDL/}
}
@article{kalousis1999noemon,
  title={{NOEMON}: Design, implementation and performance results of an intelligent assistant for classifier selection},
  author={Kalousis, Alexandros and Theoharis, Theoharis},
  journal={Intelligent Data Analysis},
  volume={3},
  number={5},
  pages={319--337},
  year={1999},
}
@inproceedings{kuck2016meta,
  title={Meta-learning with neural networks and landmarking for forecasting model selection an empirical evaluation of different feature sets applied to industry data},
  author={K{\"u}ck, Mirko and Crone, Sven F and Freitag, Michael},
  booktitle={Neural Networks (IJCNN), 2016 International Joint Conference on},
  pages={1499--1506},
  year={2016},
  organization={IEEE}
}
@book{hilborn2000chaos,
  title={Chaos and nonlinear dynamics: an introduction for scientists and engineers},
  author={Hilborn, Robert C},
  year={2000},
  publisher={Oxford University Press on Demand}
}
@article{nuttall1982spectral,
  title={Spectral estimation using combined time and lag weighting},
  author={Nuttall, Albert H and Carter, G Clifford},
  journal={Proceedings of the IEEE},
  volume={70},
  number={9},
  pages={1115--1125},
  year={1982},
  publisher={IEEE}
}
@Manual{Foreca,
  title = {ForeCA: An R package for forecastable component analysis},
  author = {Goerg, G M },
  year = {2016},
  note = {R package version 0.2.4},
  url = {https://CRAN.R-project.org/package=ForeCA},
}
@inproceedings{goerg2013forecastable,
  title={Forecastable component analysis},
  author={Goerg, Georg},
  booktitle={Proceedings of the 30th International Conference on Machine Learning (ICML-13)},
  pages={64--72},
  year={2013}
}
@Manual{forecast,
    title = {{forecast}: Forecasting functions for time series and
      linear models},
    author = {Rob Hyndman and George Athanasopoulos and Christoph Bergmeir and Gabriel Caceres and Leanne Chhay and Mitchell O'Hara-Wild and Fotios Petropoulos and Slava Razbash and Earo Wang and Farah Yasmeen},
    year = {2018},
    note = {R package version 8.3},
    url = {http://pkg.robjhyndman.com/forecast},
  }
  @article{hyndman2006another,
  title={Another look at measures of forecast accuracy},
  author={Hyndman, Rob J and Koehler, Anne B},
  journal={International Journal of Forecasting},
  volume={22},
  number={4},
  pages={679--688},
  year={2006},
}
@article{kalousis2002algorithm,
  title={Algorithm selection via meta-learning},
  author={Kalousis, Alexandros},
  journal={University of Geneva, Genebra},
  year={2002}
}
@book{hyndman2014forecasting,
  title={Forecasting: principles and practice},
  author={Hyndman, Rob J and Athanasopoulos, George},
  year={2018},
  edition={2nd ed.},
  publisher={OTexts},
  address={Melbourne, Australia},
  url = {https://OTexts.org/fpp2/}
}
@book{box2015time,
  title={Time series analysis: forecasting and control},
  author={Box, George E P and Jenkins, Gwilym M and Reinsel, Gregory C and Ljung, Greta M},
  year={2015},
  edition = {5th ed.},
  publisher={John Wiley \& Sons},
  address = {Hoboken, NJ}
}
@article{haslett1989space,
  title={Space-time modelling with long-memory dependence: Assessing Ireland's wind power resource},
  author={Haslett, John and Raftery, Adrian E},
  journal={Applied Statistics},
  volume = 38,
  number = 1,
  pages={1--50},
  year={1989},
}
@Manual{fracdiff,
    title = {{fracdiff}: Fractionally differenced ARIMA aka ARFIMA(p,d,q) models},
    author = {Fraley, Chris},
    year = {2012},
    note = {R package version 1.4-2},
    url = {https://CRAN.R-project.org/package=fracdiff},
  }
@article{smith2009cross,
  title={Cross-disciplinary perspectives on meta-learning for algorithm selection},
  author={Smith-Miles, Kate A},
  journal={ACM Computing Surveys (CSUR)},
  volume={41},
  number={1},
  pages={6},
  year={2009},
  publisher={ACM}
}
@article{rice1976,
  title={The algorithm selection problem},
  author={Rice, J R},
  journal={Advances in Computers},
  volume={15},
  pages={65-118},
  year={1976},
}
@article{tukey1988computer,
  title={Computer graphics and exploratory data analysis: An introduction},
  author={Tukey, John W  and Tukey, Paul A},
  journal={Proceedings of the Sixth Annual Conference and Exposition: Computer Graphics ’85, Fairfax, VA: National
Computer Graphics Association},
  year={1985},
}
@article{vanschoren2010understanding,
  title={Understanding machine learning performance with experiment databases},
  author={Vanschoren, Joaquin},
  journal={PhD dissertation, Katholieke Universiteit Leuven},
  year={2010}
}
@techreport{chen2004using,
  title={Using random forest to learn imbalanced data},
  author={Chen, Chao and Liaw, Andy and Breiman, Leo},
  institution={University of California, Berkeley},
  year={2004},
  url = {http://statistics.berkeley.edu/sites/default/files/tech-reports/666.pdf}
}
@article{breiman2001random,
  title={Random forests},
  author={Breiman, Leo},
  journal={Machine Learning},
  volume={45},
  number={1},
  pages={5--32},
  year={2001}
}
@Article{liaw2002randomforest,
    title = {Classification and regression by randomForest},
    author = {Andy Liaw and Matthew Wiener},
    journal = {R News},
    year = {2002},
    volume = {2},
    number = {3},
    pages = {18-22},
    url = {http://CRAN.R-project.org/doc/Rnews/},
  }
@inproceedings{hyndman2015large,
  title={Large-scale unusual time series detection},
  author={Hyndman, Rob J and Wang, Earo and Laptev, Nikolay},
  booktitle={Data Mining Workshop (ICDMW), 2015 IEEE International Conference on},
  pages={1616--1619},
  year={2015},
  organization={IEEE}
}
@article{makridakis1982accuracy,
  title={The accuracy of extrapolation (time series) methods: Results of a forecasting competition},
  author={Makridakis, Spyros and Andersen, A and Carbone, Robert and Fildes, Robert and Hibon, Michele and Lewandowski, Rudolf and Newton, Joseph and Parzen, Emanuel and Winkler, Robert},
  journal={Journal of forecasting},
  volume={1},
  number={2},
  pages={111--153},
  year={1982},
  publisher={Wiley Online Library}
}
@article{cleveland1990stl,
  title={STL: A seasonal-trend decomposition procedure based on loess},
  author={Cleveland, Robert B and Cleveland, William S and Terpenning, Irma},
  journal={Journal of Official Statistics},
  volume={6},
  number={1},
  pages={3},
  year={1990},
  publisher={Statistics Sweden (SCB)}
}
@book{friedman2001elements,
  title={The elements of statistical learning},
  author={Friedman, Jerome and Hastie, Trevor and Tibshirani, Robert},
  year={2009},
  edition = {2nd ed},
  publisher={Springer},
  address={New York, USA}
}
@article{liaw2002randomforest,
  title={Classification and Regression by randomForest},
  author={Liaw, Andy and Wiener, Matthew},
  journal={R News},
  volume={2},
  number={3},
  pages={18--22},
  year={2002}
}
@manual{breiman2004random,
  title={Random Forests},
  author={Breiman, Leo and Cutler, Adele},
  url={https://www.stat.berkeley.edu/~breiman/RandomForests/},
  year={2004},
  note = {Version 5.1}
}
@manual{pfaff2016package,
  title={urca: Unit root and cointegration tests for time series data},
  author={Pfaff, Bernhard and Zivot, Eric and Stigler, Matthieu},
  year={2016},
  url = {https://CRAN.R-project.org/package=urca},
  note = {R package version 1.3-0}
}
@manual{hyndmanmcomp,
    title = {Mcomp: Data from the M-Competitions},
 author={Hyndman, Rob J},
    year = {2018},
    note = {R package version 2.7},
    url = {https://CRAN.R-project.org/package=Mcomp},
  }
@manual{rfpkg,
    title = {randomForest: Breiman and Cutler's Random Forests for Classification and Regression},
 author={Breiman, Leo and Cutler, Adele and Liaw, Andy and Wiener, Matthew},
    year = {2018},
    note = {R package version 4.6-14},
    url = {https://cran.r-project.org/web/packages/randomForest/},
  }

@Manual{Rcore,
    title = {R: A Language and Environment for Statistical Computing},
    author = {{R Core Team}},
    organization = {R Foundation for Statistical Computing},
    address = {Vienna, Austria},
    year = {2018},
    url = {https://www.R-project.org/},
  }

@techreport{supsmu,
  author = {Friedman, J. H.},
  year= 1984,
  title={A variable span scatterplot smoother},
  institution={Laboratory for Computational Statistics, Stanford University},
  type={Technical Report},
  number=5,
}


@article{nonlintest,
  author = {Timo Ter\"{a}svirta and Chien-Fu Lin and Clive W. J. Granger},
  year= 1993,
  title = {Power of the neural network linearity test},
  journal = {Journal of Time Series Analysis},
  volume=14,
  issue = 2,
  pages={209-220}
}

@book{expsmooth08,
  author = {Hyndman, Rob J and Koehler, Anne B and J Keith Ord and Snyder, Ralph D},
  title = {Forecasting with exponential smoothing: the state space approach},
  year = 2008,
  publisher = {Springer},
  address = {Berlin}
 }


@ARTICLE{Guerrero1993,
  title    = "Time-series analysis supported by power transformations",
  author   = "Guerrero, Victor M",
  journal  = "Journal of Forecasting",
  volume   =  12,
  pages    = "37--48",
  year     =  1993,
  keywords = "arima models bias reduction; forecasting; models; taylor series
              approximation time-series; variance-stabilizing"
}

@book{Pfaff2008,
  title     = "Analysis of integrated and cointegrated time series with {R}",
  author    = "Pfaff, Bernhard",
  publisher = "Springer",
  year      =  2008
}

@article{breiman2001random,
  title={Random forests},
  author={Breiman, Leo},
  journal={Machine Learning},
  volume={45},
  number={1},
  pages={5--32},
  year={2001}
}

@Manual{forecast,
    title = {{forecast}: Forecasting functions for time series and linear models} ,author = {Rob Hyndman and George Athanasopoulos and Christoph Bergmeir and Gabriel Caceres and Leanne Chhay and Mitchell O'Hara-Wild and Fotios Petropoulos and Slava Razbash and Earo Wang and Farah Yasmeen},
year = {2018},
note = {R package version 8.5},
url = {http://pkg.robjhyndman.com/forecast},
}

@article{shah1997model,
  title={Model selection in univariate time series forecasting using discriminant analysis},
  author={Shah, Chandra},
  journal={International Journal of Forecasting},
  volume={13},
  number={4},
  pages={489--500},
  year={1997},
  publisher={Elsevier}
}

@article{lemke2010meta,
  title={Meta-learning for time series forecasting and forecast combination},
  author={Lemke, Christiane and Gabrys, Bogdan},
  journal={Neurocomputing},
  volume={73},
  number={10},
  pages={2006--2016},
  year={2010},
  publisher={Elsevier}
}
@article{fforms,
  title={Meta-learning how to forecast time series},
  author={Talagala, Thiyanga S and Hyndman, Rob J and Athanasopoulos, George},
  journal={Technical Report 6/18, Monash University, Department of Econometrics and Business Statistics.},
  year = {2018},
}

@article{Zhao,
  title={Causal interpretations of black-box models},
  author={Zhao, Qingyuan and Hastie, Trevor},
  journal={Journal of Business \& Economic Statistics},
  year={2017}
}
@article{friedman2008predictive,
  title={Predictive learning via rule ensembles},
  author={Friedman, Jerome H and Popescu, Bogdan E and others},
  journal={The Annals of Applied Statistics},
  volume={2},
  number={3},
  pages={916--954},
  year={2008},
  publisher={Institute of Mathematical Statistics}
}
@article{da2017interactive,
  title={Interactive graphics for visually diagnosing forest classifiers in R},
  author={da Silva, Natalia and Cook, Dianne and Lee, Eun-Kyung},
  journal={arXiv preprint arXiv:1704.02502},
  year={2017}
}
@article{sutherland2000orca,
  title={Orca: A visualization toolkit for high-dimensional data},
  author={Sutherland, Peter and Rossini, Anthony and Lumley, Thomas and Lewin-Koh, Nicholas and Dickerson, Julie and Cox, Zach and Cook, Dianne},
  journal={Journal of Computational and Graphical Statistics},
  volume={9},
  number={3},
  pages={509--529},
  year={2000},
  publisher={Taylor \& Francis}
}
@article{ehrlinger2015ggrandomforests,
  title={ggRandomForests: Visually exploring a random forest for regression},
  author={Ehrlinger, John},
  journal={arXiv preprint arXiv:1501.07196},
  year={2015}
}
@techreport{kang2018efficient,
  title={GRATIS: GeneRAting TIme Series with diverse and controllable characteristics},
  author={Kang, Yanfei and Hyndman, Rob J and Li, Feng},
  year={2018},
  journal={arXiv preprint arXive:1903.02787}
}
@article{molnar2018iml,
  title={Iml: An R package for interpretable machine learning},
  author={Molnar, Christoph and Casalicchio, Giuseppe and Bischl, Bernd},
  journal={The Journal of Open Source Software},
  volume={3},
  number={786},
  pages={10--21105},
  year={2018}
}
@article{meade2000evidence,
  title={Evidence for the selection of forecasting methods},
  author={Meade, Nigel},
  journal={Journal of Forecasting},
  volume={19},
  number={6},
  pages={515--535},
  year={2000}}
  
@article{makridakis2000m3,
  title={The M3-Competition: Results, conclusions and implications},
  author={Makridakis, Spyros and Hibon, Michele},
  journal={International Journal of Forecasting},
  volume={16},
  number={4},
  pages={451--476},
  year={2000}}
  
@ARTICLE{Greenwell2018,
  title         = "A Simple and effective model-based variable importance
                   measure",
  author        = {Greenwell, Brandon M and Boehmke, Bradley C and McCarthy, Andrew J},
  journal  = {arXiv preprint arXiv: 1805.04755},
  year          =  {2018},
}

@article{goldstein2015peeking,
  title={Peeking inside the black box: Visualizing statistical learning with plots of individual conditional expectation},
  author={Goldstein, Alex and Kapelner, Adam and Bleich, Justin and Pitkin, Emil},
  journal={Journal of Computational and Graphical Statistics},
  volume={24},
  number={1},
  pages={44--65},
  year={2015}
}

@ARTICLE{jiang2002,
  title         = "Quasi-regression for visualization and
interpretation of black box functions",
  author        = "Jiang, Tao and Owen, Art B",
  journal={Technical Report, Stanford University.},
  year          =  2002
}

@techreport{chen2004using,
  title={Using random forest to learn imbalanced data},
  author={Chen, Chao and Liaw, Andy and Breiman, Leo},
  institution={University of California, Berkeley},
  year={2004},
  url = {http://statistics.berkeley.edu/sites/default/files/tech-reports/666.pdf}
}

@article{breiman2001random,
  title={Random forests},
  author={Breiman, Leo},
  journal={Machine Learning},
  volume={45},
  number={1},
  pages={5--32},
  year={2001}
}

@article{wickham2015visualizing,
  title={Visualizing statistical models: removing the blindfold},
  author={Wickham, Hadley and Cook, Dianne and Hofmann, Heike},
  journal={Statistical Analysis and Data Mining: The ASA Data Science Journal},
  volume={8},
  number={4},
  pages={203--225},
  year={2015}
}

@inproceedings{ribeiro2016should,
  title={Why should I trust you?: Explaining the predictions of any classifier},
  author={Ribeiro, Marco Tulio and Singh, Sameer and Guestrin, Carlos},
  booktitle={Proceedings of the 22nd ACM SIGKDD International Conference on Knowledge Discovery and Data Mining, New York, NY: ACM},
  pages={1135--1144},
  year={2016}
}

@inproceedings{lundberg2017unified,
  title={A unified approach to interpreting model predictions},
  author={Lundberg, Scott M and Lee, Su-In},
  journal={Advances in Neural Information Processing Systems},
  pages={4765--4774},
  year={2017}
}

@article{wang2009rule,
  title={Rule induction for forecasting method selection: Meta-learning the characteristics of univariate time series},
  author={Wang, Xiaozhe and Smith-Miles, Kate and Hyndman, Rob J},
  journal={Neurocomputing},
  volume={72},
  number={10},
  pages={2581--2594},
  year={2009},
}

@article{petropoulos2014horses,
  title={‘Horses for courses’ in demand forecasting},
  author={Petropoulos, Fotios and Makridakis, Spyros and Assimakopoulos, Vassilios and Nikolopoulos, Konstantinos},
  journal={European Journal of Operational Research},
  volume={237},
  number={1},
  pages={152--163},
  year={2014}
}

@article{schnaars1984situational,
  title={Situational factors affecting forecast accuracy},
  author={Schnaars, Steven P},
  journal={Journal of Marketing Research},
  pages={290--297},
  year={1984}
}

@article{prudencio2004meta,
  title={Meta-learning approaches to selecting time series models},
  author={Prud{\^e}ncio, Ricardo BC and Ludermir, Teresa B},
  journal={Neurocomputing},
  volume={61},
  pages={121--137},
  year={2004}
}

@inproceedings{kuck2016meta,
  title={Meta-learning with neural networks and landmarking for forecasting model selection an empirical evaluation of different feature sets applied to industry data},
  author={K{\"u}ck, Mirko and Crone, Sven F and Freitag, Michael},
  booktitle={Neural Networks (IJCNN), 2016 International Joint Conference on},
  pages={1499--1506},
  year={2016}
}

@article{lemke2010meta,
  title={Meta-learning for time series forecasting and forecast combination},
  author={Lemke, Christiane and Gabrys, Bogdan},
  journal={Neurocomputing},
  volume={73},
  number={10},
  pages={2006--2016},
  year={2010},
  publisher={Elsevier}
}
@ARTICLE{Makridakis2018dx,
  title    = "The {M4} Competition: Results, findings, conclusion and way forward",
  author   = "Makridakis, Spyros and Spiliotis, Evangelos and Assimakopoulos, Vassilios",
   journal  = "International Journal of Forecasting",
  volume   =  34,
  number   =  4,
  pages    = "802--808",
  year     =  2018
}
@article{collopy1992rule,
  title={Rule-based forecasting: Development and validation of an expert systems approach to combining time series extrapolations},
  author={Collopy, Fred and Armstrong, J Scott },
  journal={Management Science},
  volume={38},
  number={10},
  pages={1394--1414},
  year={1992},
}
@misc{M4compguide,
  title = {M4 Competitor's Guide},
  howpublished = {\url{https://www.m4.unic.ac.cy/wp-content/uploads/2018/03/M4-Competitors-Guide.pdf}},
  note = {Accessed: 2018-09-26},
  year = 2018,
}
@article{makridakis2000m3,
  title={The M3-Competition: results, conclusions and implications},
  author={Makridakis, Spyros and Hibon, Michele},
  journal={International Journal of Forecasting},
  volume={16},
  number={4},
  pages={451--476},
  year={2000}
}
@article{wickham2015visualizing,
  title={Visualizing statistical models: Removing the blindfold},
  author={Wickham, Hadley and Cook, Dianne and Hofmann, Heike},
  journal={Statistical Analysis and Data Mining: The ASA Data Science Journal},
  volume={8},
  number={4},
  pages={203--225},
  year={2015}
}